<?xml version="1.0" encoding="UTF-8"?><collection xmlns="http://www.loc.gov/MARC21/slim"><record><leader>00394nam--2200133-i-4500</leader><controlfield tag="001">000046871</controlfield><controlfield tag="002">20161230</controlfield><controlfield tag="005">20161230201046</controlfield><controlfield tag="008">060222s1000------------r-----000-0-eng-d</controlfield><datafield ind1=" " ind2=" " tag="080"><subfield code="a">535.8</subfield></datafield><datafield ind1=" " ind2=" " tag="100"><subfield code="a">Wandersleb, Ernst</subfield></datafield><datafield ind1=" " ind2=" " tag="245"><subfield code="a">Die lichtverteilung im grossen in der brennebene des photographieschen objectivs</subfield></datafield><datafield ind1=" " ind2=" " tag="260"><subfield code="a">Berlin, Akademie Verlag, 1952, Xvi+125p.Cu Ilustr.+1pl</subfield></datafield><datafield ind1=" " ind2=" " tag="852"><subfield code="a">3683</subfield></datafield></record></collection>